<record><leader>00000cas a2200000 a 4500</leader><controlfield tag="001">11688654</controlfield><controlfield tag="008">850213d18871892ksuwr ne      0   a0eng d</controlfield><datafield ind1=" " ind2=" " tag="010"><subfield code="a">sn 85030042 </subfield></datafield><datafield ind1=" " ind2=" " tag="040"><subfield code="a">KSH</subfield><subfield code="b">eng</subfield><subfield code="c">KSH</subfield><subfield code="d">NPT</subfield><subfield code="d">OCL</subfield><subfield code="d">OCLCQ</subfield></datafield><datafield ind1=" " ind2=" " tag="042"><subfield code="a">msc</subfield></datafield><datafield ind1="0" ind2="4" tag="245"><subfield code="a">The Cunningham herald.</subfield></datafield><datafield ind1=" " ind2=" " tag="260"><subfield code="a">Cunningham, Kan. :</subfield><subfield code="b">J. George Smith,</subfield><subfield code="c">1887-1892.</subfield></datafield><datafield ind1=" " ind2=" " tag="300"><subfield code="a">5 v. :</subfield><subfield code="b">ill. ;</subfield><subfield code="c">59-64 cm.</subfield></datafield><datafield ind1=" " ind2=" " tag="310"><subfield code="a">Weekly</subfield></datafield><datafield ind1="0" ind2=" " tag="362"><subfield code="a">Vol. 2, no. 31 (Oct. 27, 1887)-v. 8, no. 15 (Dec. 29, 1892).</subfield></datafield><datafield ind1=" " ind2=" " tag="500"><subfield code="a">Published by: T.G. Elbury, Oct. 6-Dec. 29, 1892.</subfield></datafield><datafield ind1=" " ind2=" " tag="515"><subfield code="a">Suspended with Dec. 25, 1890 issue; resumed with May 14, 1891 issue; suspended with Aug. 4, 1892 issue; resumed with &lt;Oct. 6, 1892&gt; issue.</subfield></datafield><datafield ind1=" " ind2=" " tag="752"><subfield code="a">United States</subfield><subfield code="b">Kansas</subfield><subfield code="c">Kingman</subfield><subfield code="d">Cunningham.</subfield></datafield><datafield ind1="0" ind2="0" tag="780"><subfield code="t">Ninnescah herald</subfield><subfield code="w">(DLC)sn 85030043</subfield></datafield><datafield ind1="0" ind2="0" tag="785"><subfield code="t">Cunningham chronicle</subfield><subfield code="w">(DLC)sn 85030041</subfield></datafield></record>